<record><leader>00000cas a2200000 a 4500</leader><controlfield tag="001">17364311</controlfield><controlfield tag="008">880120d19611985wauwr ne      0    0eng d</controlfield><datafield ind1=" " ind2=" " tag="010"><subfield code="a">sn 88085298 </subfield></datafield><datafield ind1=" " ind2=" " tag="040"><subfield code="a">SLZ</subfield><subfield code="b">eng</subfield><subfield code="c">SLZ</subfield><subfield code="d">OCL</subfield><subfield code="d">OCLCQ</subfield><subfield code="d">OCLCF</subfield><subfield code="d">OCLCO</subfield></datafield><datafield ind1="1" ind2=" " tag="029"><subfield code="a">AU@</subfield><subfield code="b">000025814521</subfield></datafield><datafield ind1=" " ind2=" " tag="037"><subfield code="b">Enterprise, P.O. Box 977, Lynnwood, WA. 98036</subfield></datafield><datafield ind1=" " ind2=" " tag="042"><subfield code="a">msc</subfield></datafield><datafield ind1=" " ind2=" " tag="043"><subfield code="a">n-us-wa</subfield></datafield><datafield ind1="0" ind2=" " tag="130"><subfield code="a">Enterprise (Lynnwood, Wash.)</subfield></datafield><datafield ind1="1" ind2="4" tag="245"><subfield code="a">The enterprise.</subfield></datafield><datafield ind1=" " ind2=" " tag="260"><subfield code="a">Lynnwood, Wash. :</subfield><subfield code="b">Enterprise</subfield></datafield><datafield ind1=" " ind2=" " tag="300"><subfield code="a">v.</subfield></datafield><datafield ind1=" " ind2=" " tag="310"><subfield code="a">Weekly</subfield></datafield><datafield ind1="0" ind2=" " tag="362"><subfield code="a">Vol. 4, no. 10 (Nov. 22, 1961)-v. 39, no. 27 (May 8, 1985).</subfield></datafield><datafield ind1=" " ind2="0" tag="651"><subfield code="a">Lynnwood (Wash.)</subfield><subfield code="v">Newspapers.</subfield></datafield><datafield ind1=" " ind2="0" tag="651"><subfield code="a">Edmonds (Wash.)</subfield><subfield code="v">Newspapers.</subfield></datafield><datafield ind1=" " ind2="7" tag="655"><subfield code="a">Newspapers.</subfield><subfield code="2">fast</subfield><subfield code="0">(OCoLC)fst01423814</subfield></datafield><datafield ind1=" " ind2="7" tag="651"><subfield code="a">Washington (State)</subfield><subfield code="z">Edmonds.</subfield><subfield code="2">fast</subfield><subfield code="0">(OCoLC)fst01222509</subfield></datafield><datafield ind1=" " ind2="7" tag="651"><subfield code="a">Washington (State)</subfield><subfield code="z">Lynnwood.</subfield><subfield code="2">fast</subfield><subfield code="0">(OCoLC)fst01227415</subfield></datafield><datafield ind1=" " ind2=" " tag="752"><subfield code="a">United States</subfield><subfield code="b">Washington</subfield><subfield code="c">Snohomish</subfield><subfield code="d">Lynnwood.</subfield></datafield><datafield ind1=" " ind2=" " tag="752"><subfield code="a">United States</subfield><subfield code="b">Washington</subfield><subfield code="c">Snohomish</subfield><subfield code="d">Edmonds.</subfield></datafield><datafield ind1="0" ind2=" " tag="775"><subfield code="t">Enterprise (Lynnwood, Wash. : Edmonds ed.)</subfield><subfield code="w">(DLC)sn 88085296</subfield></datafield><datafield ind1="0" ind2="0" tag="780"><subfield code="t">Lynnwood enterprise</subfield><subfield code="w">(DLC)sn 88085293</subfield></datafield><datafield ind1="0" ind2="0" tag="785"><subfield code="t">Lynnwood enterprise (Lynnwood, Wash. : 1985)</subfield><subfield code="w">(DLC)sn 89079008</subfield></datafield></record>